<?xml version="1.0" encoding="UTF-8"?><record xmlns="http://www.loc.gov/MARC21/slim" xmlns:cinclude="http://apache.org/cocoon/include/1.0" xmlns:zs="http://www.loc.gov/zing/srw/">
  <leader>00607cz  a2200145n  4500</leader>
  <controlfield tag="001">n 2001041568</controlfield>
  <controlfield tag="003">DLC</controlfield>
  <controlfield tag="005">20130320080138.0</controlfield>
  <controlfield tag="008">010801n| azannaabn          |a aaa      </controlfield>
  <datafield tag="010" ind1=" " ind2=" ">
    <subfield code="a">n 2001041568</subfield>
  </datafield>
  <datafield tag="040" ind1=" " ind2=" ">
    <subfield code="a">DLC</subfield>
    <subfield code="b">eng</subfield>
    <subfield code="e">rda</subfield>
    <subfield code="c">DLC</subfield>
    <subfield code="d">DLC</subfield>
  </datafield>
  <datafield tag="046" ind1=" " ind2=" ">
    <subfield code="g">[1709~,1710~]</subfield>
    <subfield code="2">edtf</subfield>
  </datafield>
  <datafield tag="100" ind1="1" ind2=" ">
    <subfield code="a">Howell, Richard,</subfield>
    <subfield code="d">-approximately 1709 or 1710</subfield>
  </datafield>
  <datafield tag="400" ind1="1" ind2=" ">
    <subfield code="w">nnea</subfield>
    <subfield code="a">Howell, Richard,</subfield>
    <subfield code="d">d. ca. 1709 or 10</subfield>
  </datafield>
  <datafield tag="670" ind1=" " ind2=" ">
    <subfield code="a">Donnelly, Thomas H. A genealogy of the family of Richard Howell of Mattituck, Southold Town, Long Island, New York, to seven generations, 2000:</subfield>
    <subfield code="b">t.p. (Richard Howell) p. 5 (will of Aug. 1709, proved on 1 Jan 1709/10)</subfield>
  </datafield>
</record>